@inproceedings{elkan2008learning,
  title={Learning classifiers from only positive and unlabeled data},
  author={Elkan, Charles and Noto, Keith},
  booktitle={Proceedings of the 14th ACM SIGKDD international conference on Knowledge discovery and data mining},
  pages={213--220},
  year={2008},
  organization={ACM}
}
@inproceedings{hsieh2015pu,
  title={PU learning for matrix completion},
  author={Hsieh, Cho-Jui and Natarajan, Nagarajan and Dhillon, Inderjit},
  booktitle={International Conference on Machine Learning},
  pages={2445--2453},
  year={2015}
}

@inproceedings{crlinear,
 author = {Wu, Liwei and Hsieh, Cho-Jui and Sharpnack, James},
 title = {Large-scale Collaborative Ranking in Near-Linear Time},
 booktitle = {Proceedings of the 23rd ACM SIGKDD International Conference on Knowledge Discovery and Data Mining},
 series = {KDD '17},
 year = {2017},
 location = {Halifax, NS, Canada},
 pages = {515--524},
 numpages = {10},
} 

@inproceedings{pcfpr,
    author = {{Gunasekar}, S. and {Koyejo}, O. and {Ghosh}, J.},
    title = {Preference Completion from Partial Rankings},
    booktitle = {Neural Information Processing Systems Conference },
    year = 2016,
    month = nov,
}

@inproceedings{cr,
  title={Preference Completion: Large-scale Collaborative Ranking from Pairwise Comparisons},
  author={Park, Dohyung and Neeman, Joe and Zhang, Jin and Sanghavi, Sujay and Dhillon, Inderjit},
  booktitle={International Conference on Machine Learning},
  pages={2445--2453},
  year={2015}
}

@inproceedings{bpr,
 author = {Rendle, Steffen and Freudenthaler, Christoph and Gantner, Zeno and Schmidt-Thieme, Lars},
 title = {BPR: Bayesian Personalized Ranking from Implicit Feedback},
 booktitle = {Proceedings of the Twenty-Fifth Conference on Uncertainty in Artificial Intelligence},
 series = {UAI '09},
 year = {2009},
 location = {Montreal, Quebec, Canada},
 pages = {452--461},
 numpages = {10},
} 

@inproceedings{cfimplicit,
  title={Collaborative Filtering for Implicit Feedback Datasets},
  author={Hu, Yifan and Koren, Yehuda and Volinsky, Chris},
  booktitle={IEEE International Conference on Data Mining},
  year={2008},
  month = dec,
}

@inproceedings{listwise,
 author = {Cao, Zhe and Qin, Tao and Liu, Tie-Yan and Tsai, Ming-Feng and Li, Hang},
 title = {Learning to Rank: From Pairwise Approach to Listwise Approach},
 booktitle = {Proceedings of the 24th International Conference on Machine Learning},
 series = {ICML '07},
 year = {2007},
 location = {Corvalis, Oregon, USA},
 pages = {129--136},
 numpages = {8},
} 

@inproceedings{dr,
 author = {Wang, Jiang and Song, Yang and Leung, Thomas and Rosenberg, Chuck and Wang, Jingbin and Philbin, James and Chen, Bo and Wu, Ying},
 title = {Learning Fine-Grained Image Similarity with Deep Ranking},
 booktitle = {Proceedings of the 2014 IEEE Conference on Computer Vision and Pattern Recognition},
 series = {CVPR '14},
 year = {2014},
 pages = {1386--1393},
 numpages = {8},
} 

@inproceedings{facenet,
  author    = {Schroff, Florian and
               Kalenichenko, Dmitry and
               Philbin, James},
  title     = {FaceNet: {A} unified embedding for face recognition and clustering},
  booktitle = {{IEEE} Conference on Computer Vision and Pattern Recognition, {CVPR}
               2015, Boston, MA, USA, June 7-12, 2015},
  pages     = {815--823},
  year      = {2015},
}

@article{1bit,
  author    = {Mark A. Davenport and
               Yaniv Plan and
               Ewout van den Berg and
               Mary Wootters},
  title     = {1-Bit Matrix Completion},
  journal   = {CoRR},
  volume    = {abs/1209.3672},
  year      = {2012},
}

@inproceedings{maxmargin,
  author    = {Nathan Srebro and
               Jason D. M. Rennie and
               Tommi S. Jaakkola},
  title     = {Maximum-Margin Matrix Factorization},
  booktitle = {Advances in Neural Information Processing Systems 17 [Neural Information
               Processing Systems, {NIPS} 2004, December 13-18, 2004, Vancouver,
               British Columbia, Canada]},
  pages     = {1329--1336},
  year      = {2004},
}

@book{Mc,
  author    = {John Shawe{-}Taylor and
               Nello Cristianini},
  title     = {Kernel Methods for Pattern Analysis},
  publisher = {Cambridge University Press},
  year      = {2004},
}

@book{uml,
  author = {Shalev-Shwartz Shai and 
            Ben-David Shai},
  title     = {Understanding Machine Learning - from Theory to Algorithms},
  publisher = {Cambridge University Press},
  year      = {2014},
}

@inproceedings{neural,
  author    = {Xiangnan He and
               Lizi Liao and
               Hanwang Zhang and
               Liqiang Nie and
               Xia Hu and
               Tat{-}Seng Chua},
  title     = {Neural Collaborative Filtering},
  booktitle = {Proceedings of the 26th International Conference on World Wide Web,
               {WWW} 2017, Perth, Australia, April 3-7, 2017},
  pages     = {173--182},
  year      = {2017},
}

@inproceedings{bmc,
  author    = {Huang Fang and
               Zhang Zhen and
               Yiqun Shao and
               Cho{-}Jui Hsieh},
  title     = {Improved Bounded Matrix Completion for Large-Scale Recommender Systems},
  booktitle = {Proceedings of the Twenty-Sixth International Joint Conference on
               Artificial Intelligence, {IJCAI} 2017, Melbourne, Australia, August
               19-25, 2017},
  pages     = {1654--1660},
  year      = {2017},
}

@article{yang2014modeling,
	author={Yang, Dingqi and Zhang, Daqing and Zheng, Vincent. W. and Yu, Zhiyong},
	journal={IEEE Transactions on Systems, Man, and Cybernetics: Systems},
	title={Modeling User Activity Preference by Leveraging User Spatial Temporal Characteristics in LBSNs},
	year={2015},
	volume={45},
	number={1},
	pages={129--142},
	ISSN={2168-2216},
	publisher={IEEE}
}

@inproceedings{negsample,
  author    = {Hsiang{-}Fu Yu and
               Mikhail Bilenko and
               Chih{-}Jen Lin},
  title     = {Selection of Negative Samples for One-class Matrix Factorization},
  booktitle = {Proceedings of the 2017 {SIAM} International Conference on Data Mining,
               Houston, Texas, USA, April 27-29, 2017.},
  pages     = {363--371},
  year      = {2017},

}

@INPROCEEDINGS{netflix,
    author = {James Bennett and Stan Lanning and Netflix Netflix},
    title = {The Netflix Prize},
    booktitle = {In KDD Cup and Workshop in conjunction with KDD},
    year = {2007}
}

@INPROCEEDINGS{yahoo!,
    author = {Gideon Dror and Yahoo Labs and Noam Koenigstein and Yehuda Koren and Markus Weimer},
    title = {The Yahoo! music dataset and KDDCupâ€™11},
    booktitle = {in JMLR Workshop and Conference Proceedings: Proceedings of KDD Cup 2011 Competition},
    year = {2012},
    pages = {3--18}
}

@inproceedings{listcollaborativefiltering,
 author = {Huang, Shanshan and Wang, Shuaiqiang and Liu, Tie-Yan and Ma, Jun and Chen, Zhumin and Veijalainen, Jari},
 title = {Listwise Collaborative Filtering},
 booktitle = {Proceedings of the 38th International ACM SIGIR Conference on Research and Development in Information Retrieval},
 series = {SIGIR '15},
 year = {2015},
 isbn = {978-1-4503-3621-5},
 location = {Santiago, Chile},
 pages = {343--352},
 numpages = {10},
} 

@inproceedings{bprsample,
  author    = {Zeno Gantner and
               Lucas Drumond and
               Christoph Freudenthaler and
               Lars Schmidt{-}Thieme},
  title     = {Personalized Ranking for Non-Uniformly Sampled Items},
  booktitle = {Proceedings of {KDD} Cup 2011 competition, San Diego, CA, USA, 2011},
  pages     = {231--247},
  year      = {2012},
}

@inproceedings{bprsample2,
  author    = {Steffen Rendle and
               Christoph Freudenthaler},
  title     = {Improving pairwise learning for item recommendation from implicit
               feedback},
  booktitle = {Seventh {ACM} International Conference on Web Search and Data Mining,
               {WSDM} 2014, New York, NY, USA, February 24-28, 2014},
  pages     = {273--282},
  year      = {2014},
}




@inproceedings{collaborativeranking,
  author    = {Suhrid Balakrishnan and
               Sumit Chopra},
  title     = {Collaborative ranking},
  booktitle = {Proceedings of the Fifth International Conference on Web Search and
               Web Data Mining, {WSDM} 2012, Seattle, WA, USA, February 8-12, 2012},
  pages     = {143--152},
  year      = {2012},
}

@article{korenmf,
  author    = {Yehuda Koren and
               Robert M. Bell and
               Chris Volinsky},
  title     = {Matrix Factorization Techniques for Recommender Systems},
  journal   = {{IEEE} Computer},
  volume    = {42},
  number    = {8},
  pages     = {30--37},
  year      = {2009},
}

@inproceedings{pmf,
  author    = {Ruslan Salakhutdinov and
               Andriy Mnih},
  title     = {Probabilistic Matrix Factorization},
  booktitle = {Advances in Neural Information Processing Systems 20, Proceedings
               of the Twenty-First Annual Conference on Neural Information Processing
               Systems, Vancouver, British Columbia, Canada, December 3-6, 2007},
  pages     = {1257--1264},
  year      = {2007},
}

@inproceedings{sideinformation,
  author    = {Kai{-}Yang Chiang and
               Cho{-}Jui Hsieh and
               Inderjit S. Dhillon},
  title     = {Matrix Completion with Noisy Side Information},
  booktitle = {Advances in Neural Information Processing Systems 28: Annual Conference
               on Neural Information Processing Systems 2015, December 7-12, 2015,
               Montreal, Quebec, Canada},
  pages     = {3447--3455},
  year      = {2015},
}

@inproceedings{bmc,
  author    = {Huang Fang and
               Zhang Zhen and
               Yiqun Shao and
               Cho{-}Jui Hsieh},
  title     = {Improved Bounded Matrix Completion for Large-Scale Recommender Systems},
  booktitle = {Proceedings of the Twenty-Sixth International Joint Conference on
               Artificial Intelligence, {IJCAI} 2017, Melbourne, Australia, August
               19-25, 2017},
  pages     = {1654--1660},
  year      = {2017},
}

@inproceedings{millionsongs,
  author    = {Brian McFee and
               Thierry Bertin{-}Mahieux and
               Daniel P. W. Ellis and
               Gert R. G. Lanckriet},
  title     = {The million song dataset challenge},
  booktitle = {Proceedings of the 21st World Wide Web Conference, {WWW} 2012, Lyon,
               France, April 16-20, 2012 (Companion Volume)},
  pages     = {909--916},
  year      = {2012},
}
